@Article{ArticleName,
    author                 ={temp},
    title                  ={temp},
    journal                ={temp},
    year                   ={0000},
    volume                 ={},
    pages                  ={},
    abstract               ={},
    issn                   ={},
    doi                    ={},
    url                    ={\url{}}
}

@book{myTitle,
    Title                  = {temp},
    Author                 = {temp},
    Publisher              = {temp},
    Edition                = {},
    Pages                  = {},
    Language               = {},
    Organization           = {},
    Year                   = {0000},
    Month                  = {},
    howpublished           = {},
    Note                   = {}
}

@misc{website:Title,
    Title                  = {temp},
    Author                 = {},
    Publisher              = {},
    Edition                = {},
    Pages                  = {},
    Language               = {},
    Organization           = {},
    Year                   = {},
    Month                  = {},
    howpublished           = {\url{}},
    Note                   = {Accessed: }
}

